% Encoding: UTF-8

@Misc{Haxl:library:link,
  title     = {Haxl},
  timestamp = {2016-08-02},
  url       = {http://hackage.haskell.org/package/haxl},
}

@Comment{jabref-meta: databaseType:bibtex;}
